@book{dorf,
    author    = "Richard C. Dorf and James A. Svoboda",
    title     = "Circuitos Eléctricos",
    year      = "2011",
    publisher = "Alfaomega",
    edition   = "Octava",
    address   = "México"
}

@book{cathey,
	author = "Cathey, Jimmie",
	title = "Electronic devices and circuits",
	year = "2002",
	publisher = "McGraw-Hill",
	edition = "segunda",
	address = "United States"
}

@book{neamen, 
	author = "Neamen, Donald",
	title = "Microelectronics, circuit analisys and design",
	year = "2010",
	publisher = "McGraw-Hill",
	edition = "cuarta",
	address = "New york"
}

@book{glyn,
    author    = "James Glyn and David Burley and Dick Clements and Phil Dyke and John Searl and Nigel Steele and Jerry Wright",
    title     = "Matemática avanzada para ingeniería",
    year      = "2002",
    publisher = "Patience Hall",
    edition   = "Segunda",
    address   = "México"
}

@book{vonLoan,
    author    = "Charles {von Loan}",
    title     = "Computational Frameworks for the Fast Fourier Transform",
    year      = "1992",
    publisher = "SIAM",
    address   = "Estados Unidos"
}


@book{graf,
    author    = "Rudolf F. Graf",
    title     = "Modern Dictionary of ELectronics",
    year      = "1999",
    publisher = "Newnes",
    edition   = "Séptima",
    address   = "Estados Unidos"
}

@misc{durda,
      author = "Frank Durda",
      title = "{Serial and UART Tutorial}",
      year = "2014",
      url = "http://www.jgsee.kmutt.ac.th/exell/PracMath/ErrorAn.htm",
      note = "Consultado 12 Octubre 2016"
}

@misc{exell,
   author = "R.H.B. Exell",
   title = "Error Analysis",
   year = "2015",
   url = "http://www.jgsee.kmutt.ac.th/exell/PracMath/ErrorAn.htm",
   note = "Consultado 16 August 2015"
}

@misc{ditchfield,
   author = "Robert Ditchfield",
   title = "An Introduction to Error Analysis",
   year = "2015",
   url = "http://www.dartmouth.edu/~pchem/75/pdfs/ErrAnalysis.pdf",
   note = "Consultado 16 August 2015"
}

@misc{miyara,
	author = "Miyara, Federico",
	title = "Parámetros de estabilidad de un reulador de tres terminales",
	year = "2015",
	url = "http://www.fceia.unr.edu.ar/enica3/regula",
	note = "consultado 26 Agosto 2015"
}

@misc{carletti,
     author = "Eduardo Carletti",
     title = "{Control de motores de CC - Contro por Ancho de Pulso (PWM)}",
     year = "2016",
     url = "http://robots-argentina.com.ar/MotorCC_ControlAncho.htm",
     note = "consultado 12 Octubre 2016"
}


@misc{federico,
	author = "Miyara, Federico",
	title = "Fuentes Reguladas",
	year = "2009",
	url = "http://www.fceia.unr.edu.ar/enica3/",
	note = "consultado 26 Agosto 2015"
}

@misc{Teel,
	author = "Teel, John",
	title = "understanding power supply ripple rejection and linear regulators", 
	year = "2005",
	publisher = "Texas Instruments"
}

@misc{mit,
	author = "MIT, electric vehicle team",
	title = "A guide to understanding the battery specifications",
	year = "2008",
	publisher = "MIT internal guide",
	url = "http://web.mit.edu/evt/summary_battery_specifications",
	note = "Consultado 28 Agosto 2015"
}

@misc{lm358,
        author = "{Texas Instruments}",
	title = "{LMx58-N Low Power, Dual-Operational Amplifiers}",
	year = "2014",
	url = "http://www.ti.com/lit/ds/symlink/lm2904-n.pdf",
        note = "Consultado 10 de Octubre 2016"
}

@misc{eeherald,
	author = "{EE Herald}",
	title = "USB interface",
	year = "2006",
	publisher = "Electronics Engineering Herald Magazine",
	url = "http://www.eeherald.com/section/design-guide/esmod14.html",
	note = "Consultado 21 Setiembre 2016"
}

@book{kenneth,
	author = "Muñoz, Kenneth",
	title = "Documento de fuentes reguladas y no reguladas para electrónica III",
	year = "2013",
	publisher = "Trabajo final de graduación Escuela de ingeniería Eléctrica",
	address = "San Jose, Costa Rica"
}

@book{wolbert,
	author = "Wolbert, Bob",
	title = "Micrel's guide to designing with low-dropout voltage regulators",
	year = "1998",
	publisher = "Micrel semiconductor",
	edition = "segunda",
	address = "San Jose, California"
}

@misc{APSTrans,
	author = "{American Physical Society}",
	title = "November 17 - December 23, 1947: Invention of the First Transistor",
        year = "2000",
	url = "http://www.aps.org/publications/apsnews/200011/history.cfm",
	note = "Consultado 16 de Septiembre 2015"
}

@misc{IEEETrans,
	author = "IEEE",
	title = "Milestones:Invention of the First Transistor at Bell Telephone Laboratories, Inc., 1947",
	url = "http://ethw.org/Milestones:Invention_of_the_First_Transistor_at_Bell_Telephone_Laboratories,_Inc.,_1947",
	note = "Consultado 16 de Septiembre 2015"
}

@misc{nobelTrans,
	author = "{Nobel Fundation}",
	title = "Nobel prize in physics 1956",
	url = "http://www.nobelprize.org/nobel_prizes/physics/laureates/1956/",
	note = "Consultado 16 de Septiembre 2015"
}

@misc{AmpJFET,
	author = "{MIT}",
	title = "JFET Amplifier Configurations",
	url = "http://ocw.mit.edu/courses/electrical-engineering-and-computer-science/6-101-introductory-analog-electronics-laboratory-spring-2007/study-materials/jfet.pdf",
        year = "2007",
	note = "Consultado 16 de Septiembre 2015"
}

@misc{AmpBJT,
	author = "{Harvard}",
	title = "Basic BJT Amplifier Configurations",
	url = "http://people.seas.harvard.edu/~jones/es154/lectures/lecture_3/bjt_amps/bjt_amps.html",
	note = "Consultado 16 de Septiembre 2015"
}

@misc{darlington,
	author = "Darlignton, Sidney",
	title = "Patente US2663806 A",
	url = "https://www.google.com/patents/US2663806",
        year = "1952",
	note = "Consultado 16 de Septiembre 2015"
}


@misc{ripple,
	author = "{Texas Instruments}",
	title = "Understanding power supply ripple rejection in linear regulators",
        year = "2005",
	url = "http://www.ti.com/lit/an/slyt202/slyt202.pdf",
	note = "Consultado 20 de Septiembre 2015"
}


@misc{riley,
author = "Lewiz, Riley",
tittle = "Transistor Circuits",
year = "2004",
url = "http://webpages.ursinus.edu/lriley/ref/circuits/node4.html#SECTION00046000000000000000",
note = "Consultado 14 octubre 2015"
}

@misc{application,
author = "Texas Instruments",
tittle = "Understanding Schmitt Triggers",
year="2011",
url ="http://www.ti.com/lit/an/scea046/scea046.pdf",
note = "Consultado 14 octubre 2015"
}


@misc{ssrelay,
author = "National Instruments",
tittle = "SolidState Relays",
year = "2014",
url = "http://www.ni.com/white-paper/4125/en/",
note = "accesado 15 octubre 2015"
}

@misc{triac_tutorial,
author = "Wyne Storr",
tittle = "Triac Tutorial",
year = "2015",
url = "http://www.electronics-tutorials.ws/power/triac.html",
note = "accesado 15 octubre 2015"
}

@misc {radioshack,
author = "radioshack",
title = "Products web page",
year = "2015",
url = "http://www.radioshack.com/",
note = "accesado 15 octubre 2015"
}



@misc {stm32f4discovery,
author = "ST-Electronics",
title = "{UM1472: Discovery kit with STM32F407VG MCU}",
year = "2016",
url = "http://www.st.com/content/ccc/resource/technical/document/user_manual/70/fe/4a/3f/e7/e1/4f/7d/DM00039084.pdf/files/DM00039084.pdf/jcr:content/translations/en.DM00039084.pdf",
note = "accesado 16 Agosto 2016"
}

@misc {stm32f4,
author = "ST-Electronics",
title = "{STM32F405xx, STM32F407xx}",
year = "2016",
url = "http://www.st.com/content/ccc/resource/technical/document/datasheet/ef/92/76/6d/bb/c2/4f/f7/DM00037051.pdf/files/DM00037051.pdf/jcr:content/translations/en.DM00037051.pdf",
note = "accesado 16 Agosto 2016"
}


@book {brown2012,
author = "Geoffrey Brown",
    title     = "{Discovering the STM32 Microcontroller}",
    year      = "2012",
    edition   = "Primera",
    address   = "Indiana, Estados Unidos"
}


@book {savant,
author = "Savant, C.",
    title     = "Diseño electrónico: Circuitos y sistemas",
    year      = "2000",
    publisher = "Prentice Hall",
    edition   = "Tercera",
    address   = "Estados Unidos"
}

@book{gray,
author = "Gray, P.",
    title     = "Analysis and Design of analog Integrated Circuits",
    year      = "2001",
    publisher = "John Wiley and Sons",
    edition   = "Primera",
    address   = "Estados Unidos"
}

@book{carter,
author = "Carter, B.",
    title     = "Op Amps for Everyone",
    year      = "2009",
    publisher = "Newnes",
    edition   = "Primera",
    address   = "Estados Unidos"
}

@misc{piezoelectrico,
author = "Guillermo Colombero, Guillermo Sosa",
title = "Altavoz Piezoeléctrico",
year = "2012",
url = "http://www.profesores.frc.utn.edu.ar/electronica/fundamentosdeacusticayelectroacustica/pub/file/FAyE0312E2-Colombrero-Sosa.pdf",
note = "accesado 27 de agosto, 2016"
}


@book{ogata,
author = "Katsuhiko Ogata",
title ="Modern Control Engineering",
year ="2010",
publisher= "Pearson",
edition="Quinta",
address="EStados Unidos"
}


@ARTICLE{alfaro2007,
  author = {Alfaro, V. M.},
  title = {{PID} controllers' fragility},
  journal = {Automatica},
  year = {2007},
  volume = {46},
  pages = {555-559},
  owner = {victor},
  timestamp = {2008.05.05}
}

@ARTICLE{alfaro2006b,
  author = {Alfaro, V. M.},
  title = {Identiifcación de modelos de orden reducido a partir de la curva
	de reacción del proceso},
  journal = {Ciencia y Tecnología},
  year = {2006},
  volume = {24(2)},
  pages = {197-216},
  owner = {Victor Alfaro},
  timestamp = {2008.10.27}
}

@BOOK{ayh2006,
  title = {Advanced {PID} Control},
  publisher = {ISA - The Instrumentation, Systemas, and Automation Society, Research
	Triangle Park, NC, USA.},
  year = {2006},
  author = {Aström, K. J. and T. Hägglund},
  owner = {victor},
  timestamp = {2008.05.03}
}

@INPROCEEDINGS{ayh2000,
  author = {Aström, K. J. and Hägglund, T.},
  title = {Bernchmark Systems for PID Control},
  booktitle = {IFAC Digital Control: Pasrt, Present and Future of PID Control},
  year = {2000},
  note = {{T}errasa, {E}spaña},
  owner = {Victor Alfaro},
  timestamp = {2008.11.12}
}

@BOOK{datta2000,
  title = {Structure and synthesis of {PID} controllers},
  publisher = {Springer-Verlag},
  year = {2000},
  author = {A. Datta and M-T Ho and S. P. Bhattacharyya},
  owner = {victor},
  timestamp = {2008.05.01}
}

@misc{fitzpatrick2011,
   author = "Richard Fitzpatrick",
   title = "{Generalized Coordinates}",
   year = "2011",
   howpublished = "\url{http://farside.ph.utexas.edu/teaching/336k/Newtonhtml/node75.html}",
   note = "Consultado 12 Mayo de 2016"
}

                  @ARTICLE{elmenreich2002,
                    author = {Wilfried Elmenreich},
                    title = {An Introduction to Sensor Fusion},
                    journal = {Research Report 47/2001, Institut fur Technische Informatik},
                    year = {2002},
                    pages = {1-26},
                    owner = {Wilfried Elmenreich},
                    timestamp = {2002.09.12}
                  }

                  @misc{kantamneni2013,
                     author = "Vidya {Kantamneni et al}",
                     title = "{Design of Stable and Configurable Digital Filters for Automotive Sensors}",
                     year = "2013",
                     howpublished = "\url{https://pervasive.aau.at/publications/pdf/Kantamneni_Austrochip2013.pdf}",
                     note = "Consultado 2 Noviembre de 2016"
                  }
		  
                   @misc{vandemaele2013,
                     author = "Pieter-Jan {Van de Maele}",
                     title = "{Reading a IMU Without Kalman: The Complementary Filter}",
                     year = "2013",
                     howpublished = "\url{http://www.pieter-jan.com/node/11}",
                     note = "Consultado 2 Noviembre de 2016"
                  }

@misc{vandiver2011,
   author = "J. Vandiver",
   title = "{An Introduction to Lagrange Equations}",
   year = "2011",
   howpublished = "\url{http://ocw.mit.edu/courses/mechanical-engineering/2-003sc-engineering-dynamics-fall-2011/lagrange-equations/MIT2_003SCF11_Lagrange.pdf}",
   note = "Consultado 13 Mayo de 2016"
}

@misc{gavin2014,
   author = "Henri Gavin",
   title = "{Generalized Coordinates, Lagrange's Equations, and Constraints}",
   year = "2014",
   howpublished = "\url{http://people.duke.edu/~hpgavin/cee541/LagrangesEqns.pdf}",
   note = "Consultado 13 Mayo de 2016"
}

@ARTICLE{Felix_Grasser,
  author = {Grasser F. , D'arrigo A., Colombi S. y Rufer A},
  title = {JOE: a Mobile, Inverted Pendulum},
  journal = {Industrial Electronics},
  year = {2002},
  volume = {49},
  pages = {107-114},
  owner = {Felix Grasser},
  timestamp = {2002.01.02}
}

@ARTICLE{Coelho,
  author = {Coelho V., Liew S., Stol K. y Liu G},
  title = {Development of a Mobile Two-Wheel Balancing Platform for Autonomous Applications },
  journal = {Mechatronics and Machine Vision in Practice },
  year = {2008 },
  volume = {15 },
  owner = {Coelho},
  timestamp = {2008.2.12 }
}

@ARTICLE{Yan-Hou,
  author = {Yan-Hou W., Yu-Sheng L. y Tih-Guang L.},
  title = {Design and Implementation of the Balance of Two-Wheeled Robots },
  journal = {Advanced Robotics and Intelligent Systems },
  year = {2013 },
  pages = {130-134},
  owner = {YanHou},
  timestamp = {2013.2.6 }
}

@ARTICLE{Sayidmarie,
  author = {Sayidmarie O. Yokhi M., Almeshal A. y Agouri S. },
  title = {Design and Real-time Implementation Of a Fuzzy Logic Control System For a Two-Wheeled Robot},
  journal = {Methods and Models in Automation and Robotics},
  year = {2012},
  volume = {17},
  pages = {569-572},
  owner = {Sayidmarie},
  timestamp = {2012.08.30}
}

@ARTICLE{Xu,
  author = {Xu J., Guo Z., Lee t. },
  title = {Design and Implementation of Integral Sliding-Mode Control on an Underactuated Two-wheeled Mobile Robot},
  journal = {Transactions on Industrial Electronics},
  year = {2014},
  volume = {61},
  pages = {3671-3681},
  owner = {Xu},
  timestamp = {2014.07.07}
}

@ARTICLE{Ha,
  author = {Ha Y., Yuta S. },
  title = {Trajectory Tracking Control for Navigation of Self-Contained Mobile Inverse Pendulum},
  journal = {Intelligent Robots and Systems},
  year = {1994},
  volume = {3},
  pages = {1875-1882},
  owner = {Ha},
  timestamp = {1994.16.09}
}

@ARTICLE{KarlStol,
  author = {Stol K., Man R., Halkyard R.},
  title = {Review of modelling and control of two-wheeled robots},
  journal = {Annual Reviews in Control},
  year = {2013},
  volume = {37},
  pages = {89-103},
  owner = {Stol},
  timestamp = {2013.03.04}
}

@ARTICLE{Cruz,
  author = {Cruz M., Marquez C., Silva R. y Merlo C.},
  title = {Sistemas mecánicos subactuados:péndulos invertidos},
  journal = {Boletín UPIITA},
  year = {2014},
  volume = {41},
  url = "http://www.boletin.upiita.ipn.mx/index.php/ciencia/553-cyt-numero-41/840-sistemas-mecanicos-subactuados-pendulos-invertidos1",
  note = "Consultado el 14 de mayo del 2016",
timestamp = {2014.01.01}
}

@ARTICLE{Collazo,
  author = {Collazo J. , Gorrostieta E. , Pedraza J. y Villaseñor U. y Romero R. y González M. },
  title = {Modelación de un Robot Móvil de Dos Ruedas con Tracción Diferencial},
  year = {2009},
  url = "http://www.mecamex.net/anterior/cong08/articulos/58.pdf",
  note = "Consultado el 14 de mayo del 2016",
  timestamp = {2009.11.26}
}

@ARTICLE{Saifizi,
  author = {Saifizi M., Desa H., Noor R. },
  title = {A Differential Steering Conantrol with Proportional Controller for An Autonomous Mobile Robot},
  year = {2011}
}

@ARTICLE{Freire,
  author = {Freire E.,Galan J.,Molina M.}, 
  title = {Comportamiento dinámico de un sistema no holónomo: El sistema de Heisenberg modificado},
  year = {2009},
  url="http://matematicas.uclm.es/cedya09/archive/textos/127_Molina-Becerra-M.pdf",
  note = "Consultado el 18 de junio del 2016",
  timestamp = {2009.09.21}
}

@BOOK{Buck,
  title = {Advanced Calculus},
  publisher = {Waveland Press Long Grove, Illinois},
  year = {2003},
  author = {R. Creighton Buck},
  owner = {Buck},
  timestamp = {2003}
}

@misc{sis_locomocion,
  title = {Sistemas de locomoción de robots móviles},
  url  = "http://www.esi2.us.es/~vivas/ayr2iaei/LOC_MOV.pdf",
  note = "Consultado el 18 de junio del 2016",
  timestamp = {2009}
}

@ARTICLE{Conejo,
  title = {Control lineal estabilizante para sistemas
subactuados aplicado al Pendubot},
  author = {C. Conejo, R. Galindo, L. Carrazco},
  url="https://www.researchgate.net/profile/Leo_Carrazco/publication/220012890_Control_lineal_estabilizante_para_sistemas_subactuados_al_pendubot/links/09e415045cc1a7bd14000000.pdf",
  school = {Universidad Aut ´ onoma de Nuevo León
San Nicolás de los Garza}
}

@ARTICLE{Ortigoza,
  title = {Trajectory Tracking Control for a Differential Drive Wheeled Robot Considering the Dynamics Related to the Actuators and Power Stage},
  author ={S. Ortigoza},
  year={2016},
  journal={IEEE Latin American Transactions},
  volume={14},
  pages={65-,664}
  
}


@phdthesis{Marin,
  title={Localizaci\'on de Robots M\'oviles de Recursos Limitados basada en fusi\'on sensorial por eventos},
  author={L. Mar\'in},
  year={2014},
  address={Valencia, Espa\~na},
  school={Universdad polit\'ecnica de Valencia}
}

@ARTICLE{sarkar,
  title = {Control of Mechanical Systems With Rolling Constraints: Application to Dynamic Control of Mobile Robots},
  author ={Nilanjan Sarkar},
  year={1994},
  journal={International Journal of Robotics Research},
  volume={13},
  pages={55-,69}
  
}


@ARTICLE{zohar,
  title = {Mobile robot characterized by dynamic and kynematic equations and actuator dynamics: Trajectory tracking and related application},
  author ={Ilan Zohar},
  year={2011},
  journal={Robotics and Autonomous Systems},
  volume={59},
  pages={343-,353}
  
}

@misc{stutts,
   author = "Daniel Stutts",
   title = "{Equivalente Viscous Damping}",
   year = "2009",
   howpublished = "\url{http://web.mst.edu/~stutts/SupplementalNotes/EqivalentViscousDamping.pdf}",
   note = "Consultado 25 de junio del 2016"
}

@article {wilfried,
author = "Wilfried Elmenreich, Robert Leidensrorft",
title ="Fusion of heterogeneus sensor data",
year="2008",
journal="Intelligent Solutions in Embedded Systems"
}
